@preamble{ "\newcommand{\noopsort}[1]{} "
	# "\newcommand{\printfirst}[2]{#1} "
	# "\newcommand{\singleletter}[1]{#1} "
	# "\newcommand{\switchargs}[2]{#2#1} " }
	


@inproceedings{KHF17_Acoustic_Event_Classification_Using_Convolutional_Neural_Networks,
 author = {Kahl, Stefan AND Hussein, Hussein AND Fabian, Etienne AND Schloßhauer, Jan AND Thangaraju, Enniyan AND Kowerko, Danny AND Eibl, Maximilian},
 title = {Acoustic Event Classification Using Convolutional Neural Networks},
 booktitle = {INFORMATIK 2017},
 year = {2017},
 editor = {Eibl, Maximilian AND Gaedke, Martin},
 pages = { 2177-2188 },
 publisher = {Gesellschaft für Informatik, Bonn},
 address = {Chemnitz, Germany},
 url       = {https://doi.org/10.18420/in2017_217},
}


@inproceedings{Pic15_Environmental_Sound_Classification_with_Convolutional_Neural_Networks,
  author    = {Karol J. Piczak},
  title     = {Environmental sound classification with convolutional neural networks},
  booktitle = {25th {IEEE} International Workshop on Machine Learning for Signal
               Processing, {MLSP} 2015, Boston, MA, USA, September 17-20, 2015},
  pages     = {1--6},
  year      = {2015},
  url       = {https://doi.org/10.1109/MLSP.2015.7324337},
}


@inproceedings{SAP17_Unsupervised_Filterbank_Learning_Using_Convolutional_Restricted_Boltzmann,
  author    = {Hardik B. Sailor and
               Dharmesh M. Agrawal and
               Hemant A. Patil},
  title     = {Unsupervised Filterbank Learning Using Convolutional Restricted Boltzmann
               Machine for Environmental Sound Classification},
  booktitle = {Interspeech 2017, 18th Annual Conference of the International Speech
               Communication Association, Stockholm, Sweden, August 20-24, 2017},
  pages     = {3107--3111},
  year      = {2017},
  url       = {http://www.isca-speech.org/archive/Interspeech_2017/abstracts/0831.html},
}


@misc{fedden_comparative_nodate,
	title = {Comparative {Audio} {Analysis} {With} {Wavenet}, {MFCCs}, {UMAP}, t-{SNE} and {PCA}},
	url = {https://medium.com/@LeonFedden/comparative-audio-analysis-with-wavenet-mfccs-umap-t-sne-and-pca-cb8237bfce2f},
	urldate = {2018-12-11},
	journal = {Comparative Audio Analysis With Wavenet, MFCCs, UMAP, t-SNE and PCA},
	author = {Fedden, Leon}
}